@inproceedings{ojala2008wearable,
  title={Wearable authentication device for transparent login in nomadic applications environment},
  author={Ojala, Sampo and Keinanen, Jari and Skytta, Jorma},
  booktitle={Signals, Circuits and Systems, 2008. SCS 2008. 2nd International Conference on},
  pages={1--6},
  year={2008},
  organization={IEEE}
}

@inproceedings{bardram2003context,
  title={Context-aware user authentication--supporting proximity-based login in pervasive computing},
  author={Bardram, Jakob E and Kj{\ae}r, Rasmus E and Pedersen, Michael {\O}},
  booktitle={International Conference on Ubiquitous Computing},
  pages={107--123},
  year={2003},
  organization={Springer}
}

@inproceedings{dashti2016securitytest,
  title={Security Testing Beyond Functional Tests},
  author={Dashti, Mohammad Torabi and Basin, David},
  booktitle={International Symposium on Engineering Secure Software and Systems},
  pages={1--19},
  year={2016},
  organization={Springer}
}

@article{bardram2005trouble,
  title={The trouble with login: on usability and computer security in ubiquitous computing},
  author={Bardram, Jakob E},
  journal={Personal and Ubiquitous Computing},
  volume={9},
  number={6},
  pages={357--367},
  year={2005},
  publisher={Springer}
}

@inproceedings{christensen2002supporting,
  title={Supporting human activities—exploring activity-centered computing},
  author={Christensen, Henrik B{\ae}rbak and Bardram, Jakob E},
  booktitle={International Conference on Ubiquitous Computing},
  pages={107--116},
  year={2002},
  organization={Springer}
}

@inproceedings{bonneau2012quest,
  title={{The quest to replace passwords: A framework for comparative evaluation of web authentication schemes}},
  author={Bonneau, Joseph and Herley, Cormac and Van Oorschot, Paul C and Stajano, Frank},
  booktitle={2012 IEEE Symposium on Security and Privacy},
  pages={553--567},
  year={2012},
  organization={IEEE}
}

@article{bianchi2016wearable,
  title={Wearable authentication: Trends and opportunities},
  author={Bianchi, Andrea and Oakley, Ian},
  journal={it-Information Technology},
  volume={58},
  number={5},
  pages={255--262},
  year={2016}
}

@inproceedings{weirich2001pretty,
  title={Pretty good persuasion: a first step towards effective password security in the real world},
  author={Weirich, Dirk and Sasse, Martina Angela},
  booktitle={Proceedings of the 2001 workshop on New security paradigms},
  pages={137--143},
  year={2001},
  organization={ACM}
}

@article{weiser1991computer,
  title={The computer for the 21st century},
  author={Weiser, Mark},
  journal={Scientific american},
  volume={265},
  number={3},
  pages={94--104},
  year={1991},
  publisher={Nature Publishing Group}
}


@article{ceccarelli2015continuous,
  title={Continuous and transparent user identity verification for secure internet services},
  author={Ceccarelli, Andrea and Montecchi, Leonardo and Brancati, Francesco and Lollini, Paolo and Marguglio, Angelo and Bondavalli, Andrea},
  journal={IEEE Transactions on Dependable and Secure Computing},
  volume={12},
  number={3},
  pages={270--283},
  year={2015},
  publisher={IEEE}
}

@inproceedings{kurkovsky2010approaches,
  title={Approaches and Issues in Location-Aware Continuous Authentication.},
  author={Kurkovsky, Stan and Syta, Ewa},
  booktitle={CSE},
  pages={279--283},
  year={2010}
}

@inproceedings{UCAM-CL-TR-817,
  author =	 {Bonneau, Joseph and Herley, Cormac and Oorschot, Paul C.
          	  van and Stajano, Frank},
  title = 	 {{The quest to replace passwords: a framework for
         	   comparative evaluation of web authentication schemes}},
  year = 	 2012,
  month = 	 mar,
  url = 	 {http://www.cl.cam.ac.uk/techreports/UCAM-CL-TR-817.pdf},
  institution =  {University of Cambridge, Computer Laboratory},
  number = 	 {UCAM-CL-TR-817}
}

@inproceedings{stajano2011pico,
  title={Pico: No more passwords!},
  author={Stajano, Frank},
  booktitle={International Workshop on Security Protocols},
  pages={49--81},
  year={2011},
  organization={Springer}
}

@misc{FIDO,
  title = {Fast Identity Online Alliance},
  howpublished = {\url{https://fidoalliance.org/}},
  note = {Accessed: 2016-01-11}
}

@misc{UafSpec,
  title={FIDO UAF Protocol Specification 1.1},
  year={2016},
  organization={FIDO Alliance},
  howpublished = {\url{https://fidoalliance.org/specs/fido-uaf-v1.1-rd-20161005/fido-uaf-protocol-v1.1-rd-20161005.pdf}}
}

@book{basin2011applied,
  title={Applied information security: a hands-on approach},
  author={Basin, David and Schaller, Patrick and Schl{\"a}pfer, Michael},
  year={2011},
  publisher={Springer Science \& Business Media}
}

@book{katz2014introduction,
  title={Introduction to modern cryptography},
  author={Katz, Jonathan and Lindell, Yehuda},
  year={2014},
  publisher={CRC press}
}

@inproceedings{brandt2005efficient,
  title={Efficient cryptographic protocol design based on distributed El Gamal encryption},
  author={Brandt, Felix},
  booktitle={International Conference on Information Security and Cryptology},
  pages={32--47},
  year={2005},
  organization={Springer}
}c

@inproceedings{stannard2012good,
  title={Am I in good company? A privacy-protecting protocol for cooperating ubiquitous computing devices},
  author={Stannard, Oliver and Stajano, Frank},
  booktitle={International Workshop on Security Protocols},
  pages={223--230},
  year={2012},
  organization={Springer}
}

@inproceedings{boneh2001method,
  title={A Method for Fast Revocation of Public Key Certificates and Security Capabilities.},
  author={Boneh, Dan and Ding, Xuhua and Tsudik, Gene and Wong, Chi-Ming},
  booktitle={USENIX Security Symposium},
  pages={22--22},
  year={2001}
}

@inproceedings{boneh2002identity,
  title={Identity-based mediated RSA},
  author={Boneh, Dan and Ding, Xuhua and Tsudik, Gene},
  booktitle={3rd Workshop on Information Security Application, Jeju Island, Korea},
  volume={12},
  year={2002},
  organization={Citeseer}
}

@inproceedings{rabin1998simplified,
  title={A simplified approach to threshold and proactive RSA},
  author={Rabin, Tal},
  booktitle={Annual International Cryptology Conference},
  pages={89--104},
  year={1998},
  organization={Springer}
}

@article{boyd1986digital,
  title={Digital multisignatures},
  author={Boyd, Colin},
  journal={Cryptography and coding},
  year={1986},
  publisher={Clarendon Press}
}

@article{adams1999users,
  title={Users are not the enemy},
  author={Adams, Anne and Sasse, Martina Angela},
  journal={Communications of the ACM},
  volume={42},
  number={12},
  pages={40--46},
  year={1999},
  publisher={ACM}
}

@article{morris1979password,
  title={Password security: A case history},
  author={Morris, Robert and Thompson, Ken},
  journal={Communications of the ACM},
  volume={22},
  number={11},
  pages={594--597},
  year={1979},
  publisher={ACM}
}

@inproceedings{oechslin2003making,
  title={Making a faster cryptanalytic time-memory trade-off},
  author={Oechslin, Philippe},
  booktitle={Annual International Cryptology Conference},
  pages={617--630},
  year={2003},
  organization={Springer}
}

@inproceedings{hayashi2011diary,
  title={A diary study of password usage in daily life},
  author={Hayashi, Eiji and Hong, Jason},
  booktitle={Proceedings of the SIGCHI Conference on Human Factors in Computing Systems},
  pages={2627--2630},
  year={2011},
  organization={ACM}
}

@article{bellotti2001intelligibility,
  title={Intelligibility and accountability: human considerations in context-aware systems},
  author={Bellotti, Victoria and Edwards, Keith},
  journal={Human--Computer Interaction},
  volume={16},
  number={2-4},
  pages={193--212},
  year={2001},
  publisher={Taylor \& Francis}
}

@inproceedings{lowe1997hierarchy,
  title={A hierarchy of authentication specifications},
  author={Lowe, Gavin},
  booktitle={Computer security foundations workshop, 1997. Proceedings., 10th},
  pages={31--43},
  year={1997},
  organization={IEEE}
}

@phdthesis{bentzon2013security,
  title={Security architecture and implementation for a TPM-based mobile authentication device},
  author={Bentzon, Anders},
  year={2013},
  school={Master’s thesis}
}

@article{dolev1983security,
  title={On the security of public key protocols},
  author={Dolev, Danny and Yao, Andrew},
  journal={IEEE Transactions on information theory},
  volume={29},
  number={2},
  pages={198--208},
  year={1983},
  publisher={IEEE}
}

@inproceedings{blanchet2012security,
  title={Security protocol verification: Symbolic and computational models},
  author={Blanchet, Bruno},
  booktitle={Proceedings of the First international conference on Principles of Security and Trust},
  pages={3--29},
  year={2012},
  organization={Springer-Verlag}
}

@inproceedings{meier2013tamarin,
  title={The TAMARIN prover for the symbolic analysis of security protocols},
  author={Meier, Simon and Schmidt, Benedikt and Cremers, Cas and Basin, David},
  booktitle={International Conference on Computer Aided Verification},
  pages={696--701},
  year={2013},
  organization={Springer}
}

@article{shamir1979share,
  title={How to share a secret},
  author={Shamir, Adi},
  journal={Communications of the ACM},
  volume={22},
  number={11},
  pages={612--613},
  year={1979},
  publisher={ACm}
}